@book{knuth1984,
  title={The \TeX{}book},
  author={Knuth, Donald Ervin and Bibby, Duane},
  year={1984},
  publisher={Addison-Wesley Reading}
}